<?xml version="1.0" encoding="UTF-8"?><collection xmlns="http://www.loc.gov/MARC21/slim"><record><leader>00385nam--2200133-i-4500</leader><controlfield tag="001">000042543</controlfield><controlfield tag="002">20161230</controlfield><controlfield tag="005">20170208132326</controlfield><controlfield tag="008">060222s1000------------r-----000-0-eng-d</controlfield><datafield ind1=" " ind2=" " tag="245"><subfield code="a">Springer series in wave phenomena. Nr.20: Surfaace acoustic waves in inhomogeneous</subfield></datafield><datafield ind1=" " ind2=" " tag="260"><subfield code="a">Berlin</subfield><subfield code="b">Springer-Verlag</subfield><subfield code="c">1995</subfield></datafield><datafield ind1=" " ind2=" " tag="700"><subfield code="a">Biryukov, S. V</subfield></datafield><datafield ind1=" " ind2=" " tag="852"><subfield code="a">80581</subfield></datafield><datafield ind1=" " ind2=" " tag="CAT"><subfield code="a">SYS</subfield><subfield code="c">20170208</subfield><subfield code="h">132326</subfield></datafield></record></collection>